<record xmlns:xsi="http://www.w3.org/2001/XMLSchema-instance" xmlns="http://www.loc.gov/MARC21/slim" xsi:schemaLocation="http://www.loc.gov/MARC21/slim http://www.loc.gov/standards/marcxml/schema/MARC21slim.xsd">

  <leader>00645nam a2200169Ia 4500</leader>
  <controlfield tag="008">160106b2006    c  ||||| |||| 00| | spa d</controlfield>
  <datafield ind1=" " ind2=" " tag="020">
    <subfield code="a">9290397489</subfield>
  </datafield>
  <datafield ind2=" " tag="090" ind1=" ">
    <subfield code="a">06.03.02 </subfield>
    <subfield code="b">1700</subfield>
  </datafield>
  <datafield ind2=" " tag="100" ind1="1">
    <subfield code="9">1235</subfield>
    <subfield code="a">Samper, Mario</subfield>
  </datafield>
  <datafield ind2="0" tag="245" ind1="1">
    <subfield code="a">Jornada de reflexion y debate: políticas agropecuarias, estrategias de desarrollo rural, seguridad alimentaria, pobreza rural y servicio de extension agricola / </subfield>
    <subfield code="c">Mario Samper </subfield>
  </datafield>
  <datafield tag="260" ind2=" " ind1=" ">
    <subfield code="a">Costa Rica : </subfield>
    <subfield code="b">IICA, UCR, UNA, PDR-MAG, ANEAF,FAO, UNED, ITCR, </subfield>
    <subfield code="c">2006</subfield>
  </datafield>
  <datafield ind1=" " ind2=" " tag="300">
    <subfield code="a">116 páginas</subfield>
  </datafield>
  <datafield ind1="1" tag="650" ind2="4">
    <subfield code="a">ESCOLARIDAD</subfield>
    <subfield code="9">891</subfield>
  </datafield>
  <datafield ind1="1" ind2="4" tag="650">
    <subfield code="a">DESARROLLO RURAL</subfield>
    <subfield code="9">1236</subfield>
  </datafield>
  <datafield ind2="4" tag="650" ind1="1">
    <subfield code="a">SEGURIDAD ALIMENTARIA</subfield>
    <subfield code="9">1237</subfield>
  </datafield>
  <datafield ind1=" " ind2=" " tag="942">
    <subfield code="2">z</subfield>
    <subfield code="c">01</subfield>
  </datafield>
  <datafield ind1=" " ind2=" " tag="999">
    <subfield code="c">308</subfield>
    <subfield code="d">308</subfield>
  </datafield>
</record>